@misc{cryptoeprint:2016:918,
    author = {Rafael Pass and Elaine Shi},
    title = {The Sleepy Model of Consensus},
    howpublished = {Cryptology ePrint Archive, Report 2016/918},
    year = {2016},
    note = {\url{http://eprint.iacr.org/2016/918}},
}
@article{DBLP:journals/corr/EyalS13,
  author    = {Ittay Eyal and
               Emin G{\"{u}}n Sirer},
  title     = {Majority is not Enough: Bitcoin Mining is Vulnerable},
  journal   = {CoRR},
  volume    = {abs/1311.0243},
  year      = {2013},
  url       = {http://arxiv.org/abs/1311.0243},
  timestamp = {Wed, 07 Jun 2017 14:41:57 +0200},
  biburl    = {http://dblp.uni-trier.de/rec/bib/journals/corr/EyalS13},
  bibsource = {dblp computer science bibliography, http://dblp.org}
}